@article{ryder2023,
    author = {Ryder, Simon and et al.},
    title = {Do the ends justify the means? Problematizing social acceptance and instrumentally-driven community engagement in proposed energy projects},
    year = {2023},
    journal = {Energy Research \& Social Science}
}

@techreport{eisenson2023,
    author = {Eisenson, M. and Webb, R. M.},
    title = {Expert Insights on Best Practices for Community Benefits Agreements},
    institution = {Lawrence Berkeley National Laboratory},
    year = {2023}
}

@article{hannon2023,
    author = {Hannon, M. and et al.},
    title = {Community participation for community benefits from natural capital projects},
    year = {2023},
    journal = {Journal of Environmental Management}
}

@article{sovacool2015,
    author = {Sovacool, B. K. and Dworkin, M. H.},
    title = {Energy justice: Conceptual insights and practical applications},
    year = {2015},
    journal = {Annual Review of Environment and Resources}
}

@techreport{eales2024,
    author = {Eales, A.},
    title = {Global Perspectives on Community Energy for a Just Transition},
    institution = {University of Strathclyde},
    year = {2024}
}

@article{pierce2019,
    author = {Pearce, Joshua M.},
    title = {The pivotal role of open source knowledge transfer to achieve universal energy access},
    journal = {Zeitschrift f√ºr Wirtschaftsgeographie},
    year = {2019},
    volume = {63},
    pages = {1-19}
} 