@article{sovacool_dworkin_2015,
  title={Energy justice: Conceptual insights and practical applications},
  author={Sovacool, Benjamin K and Dworkin, Michael H},
  journal={Energy Policy},
  volume={74},
  pages={521--525},
  year={2015},
  publisher={Elsevier}
}
@article{miller_2014,
    title = {The practice and promise of energy justice},
    author = {Miller, Clark A.},
    journal = {Issues in Science and Technology},
    volume = {30},
    number = {4},
    pages = {19--22},
    year = {2014}
}
@article{ryder_2023,
    title = {Community engagement in energy development: A review of best practices},
    author = {Ryder, S and et al.},
    journal = {Energy Research & Social Science},
    volume = {101},
    pages = {103133},
    year = {2023}
}
@article{eisenson_webb_2023,
    title = {The limits of transactional community benefit agreements in renewable energy},
    author = {Eisenson, B and Webb, J},
    journal = {Journal of Environmental Policy},
    year = {2023},
    publisher = {Taylor \& Francis}
}
@article{alonso_pedrero_van_de_sande_araujo_2025,
    title = {Open science as a catalyst for trust and innovation in energy research},
    author = {Alonso Pedrero, M and Van de Sande Araujo, G},
    journal = {Journal of Open Research},
    year = {2025}
}
@article{fell_watson_huebner_2024,
    title = {The chilling effect of proprietary research on public trust in energy science},
    author = {Fell, M. J. and Watson, J. and Huebner, G.},
    journal = {Nature Energy},
    year = {2024}
}
@article{rana_2023,
    title = {Democratizing technology: The role of open source appropriate technology in sustainable development},
    author = {Rana, P and et al.},
    journal = {Journal of Sustainable Development},
    volume = {16},
    number = {4},
    pages = {1--15},
    year = {2023}
}
@article{mottaghi_2023,
    title = {Open source hardware as a tool for community empowerment in energy projects},
    author = {Mottaghi, S and et al.},
    journal = {Energy for Sustainable Development},
    volume = {75},
    pages = {100--110},
    year = {2023}
}
@article{pearce_2019,
    title = {Open source appropriate technology: A new paradigm for sustainable development},
    author = {Pearce, Joshua M},
    journal = {Inventions},
    volume = {4},
    number = {1},
    pages = {7},
    year = {2019},
    publisher = {MDPI}
}
@article{arkhurst_2023,
    author = {Arkhurst, Bettina K. and Houghteling, Clara R. and Dutta, Nikita S. and Clarke, Ardelia and Fu, Katherine and Anderson, Kate and Gill, Elizabeth},
    title = {Evaluating energy justice metrics in early-stage science and technology research using the JUST-R metrics framework},
    journal = {Frontiers in Environmental Science},
    volume = {11},
    year = {2023},
    doi = {10.3389/fenvs.2023.1206013}
}
@inproceedings{chester_2018,
    author = {Chester, Lynne},
    title = {New forms of solar PV provisioning needed to advance energy justice for lower income households},
    booktitle = {2018 Asia-Pacific Solar Research Conference},
    year = {2018},
    address = {Sydney, NSW, Australia}
} 