@article{sovacool_dworkin_2015,
  title={Energy justice: Conceptual insights and practical applications},
  author={Sovacool, Benjamin K and Dworkin, Michael H},
  journal={Energy Policy},
  volume={74},
  pages={521--525},
  year={2015},
  publisher={Elsevier}
}

@article{jenkins_mccauley_heffron_2016,
    author = {Jenkins, Kirsten and McCauley, Darren and Heffron, Raphael and Stephan, Hannes and Rehner, Robert},
    title = {Energy justice: a conceptual review},
    journal = {Energy Research \& Social Science},
    volume = {11},
    pages = {174-182},
    year = {2016}
}

@article{vega-araujo_heffron_2022,
    author = {Vega-Araújo, José and Heffron, Raphael J.},
    title = {Assessing elements of energy justice in Colombia: A case study on transmission infrastructure in La Guajira},
    journal = {Energy Research \& Social Science},
    volume = {91},
    pages = {102688},
    year = {2022}
}

@article{gross_2007,
    author = {Gross, Catherine},
    title = {Community perspectives of wind energy in Australia: The application of a justice and community fairness framework to increase social acceptance},
    journal = {Energy Policy},
    volume = {35},
    number = {5},
    pages = {2727-2736},
    year = {2007}
}

@misc{wieten_2017,
  title={Not Just About Consent: The Ethical Dimensions of Research Methodology Knowledge in IRBs},
  author={Wieten, Sarah},
  year={2017},
  month={Jun},
  publisher={BMJ Medical Ethics Blog},
  howpublished = {\\url{https://blogs.bmj.com/medical-ethics/2017/06/15/not-just-about-consent-the-ethical-dimensions-of-research-methodology-knowledge-in-irbs/}}
} 