@article{hyysalo_pollock_williams_2019,
  title={Method Matters in the Social Study of Technology: Investigating the Biographies of Artifacts and Practices},
  author={Hyysalo, Sampsa and Pollock, Neil and Williams, Robin Alun},
  journal={Science and Technology Studies},
  volume={32},
  number={3},
  pages={2--25},
  year={2019},
  publisher={Finnish Society for Science and Technology Studies}
}
@article{nelson_2020,
  title={The Methodologists: a Unique Category of Scientific Actors},
  author={Nelson, Nicole C},
  journal={Engaging Science, Technology, and Society},
  volume={6},
  pages={1--17},
  year={2020},
  publisher={Society for Social Studies of Science}
}
@misc{wieten_2017,
  title={Not Just About Consent: The Ethical Dimensions of Research Methodology Knowledge in IRBs},
  author={Wieten, Sarah},
  year={2017},
  month={Jun},
  publisher={BMJ Medical Ethics Blog},
  howpublished = {\\url{https://blogs.bmj.com/medical-ethics/2017/06/15/not-just-about-consent-the-ethical-dimensions-of-research-methodology-knowledge-in-irbs/}}
}
@techreport{ec_2018,
  title={Ethics in Social Science and Humanities},
  author={{European Commission}},
  year={2018},
  institution={Directorate-General for Research and Innovation},
  publisher={Publications Office of the European Union}
}
@misc{cambridge_journal_ethics,
    author = {{Cambridge Journal of Human Behaviour}},
    title = {Code of Ethics},
    year = {nodate},
    howpublished = {\\url{https://cjhumanbehaviour.com/wp-content/uploads/2023/01/Code-of-Ethics.pdf}}
} 